% This file was created with JabRef 2.10.
% Encoding: UTF-8


@Article{CompliantControl,
  Title                    = {A Review of Algorithms for Compliant Control of Stiff and Fixed-Compliance Robots},
  Author                   = {Andrea Calanca, Riccardo Muradore, Paolo Fiorini},
  Journal                  = {IEEE/ASME TRANSACTIONS ON MECHATRONICS},
  Year                     = {2016},

  Month                    = {April},
  Number                   = {2},
  Pages                    = {613-624},
  Volume                   = {21},

  Owner                    = {matthiasderyck},
  Timestamp                = {2018.05.25}
}

@Article{ROSControl,
  Title                    = {ros\_control: A generic and simple control framework for ROS},
  Author                   = {Chitta, Sachin and Marder-Eppstein, Eitan and Meeussen, Wim and Pradeep, Vijay and Rodr{\'i}guez Tsouroukdissian, Adolfo and Bohren, Jonathan and Coleman, David and Magyar, Bence and Raiola, Gennaro month = and L{\"u}dtke, Mathias and Fern{\'a}ndez Perdomo, Enrique},
  Journal                  = {The Journal of Open Source Software},
  Year                     = {2017},

  HowPublished             = {http://www.theoj.org/joss-papers/joss.00456/10.21105.joss.00456.pdf},
  Url                      = {http://www.theoj.org/joss-papers/joss.00456/10.21105.joss.00456.pdf}
}

@Misc{ComplianceController,
  Title                    = {Compliance Controller},

  Author                   = {Valentýn Číhala},
  Month                    = {May},
  Note                     = {Source code},
  Year                     = {2018},

  Owner                    = {matthiasderyck},
  Timestamp                = {2018.04.13}
}

@Misc{GravityController,
  Title                    = {Gravity Compensation Controller},

  Author                   = {Vladimir Pêtrik},
  Month                    = {January},
  Note                     = {Source code},
  Year                     = {2018},

  Owner                    = {matthiasderyck},
  Timestamp                = {2018.04.13}
}

@PhdThesis{VladimirPPT,
  Title                    = {CapekCIIRC Testbed},
  Author                   = {Vladimir Pêtrik},
  School                   = {Czech Technical University Prague},
  Year                     = {2018},

  Owner                    = {matthiasderyck},
  Timestamp                = {2018.04.25}
}

@Electronic{CompliantRobot,
  Title                    = {Compliant Robots},
  Author                   = {Bram Vanderborght},
  Month                    = {January},
  Url                      = {http://www.eucognition.org/eucog-wiki/Compliant_robots},
  Year                     = {2012},

  Owner                    = {matthiasderyck},
  Timestamp                = {2018.04.13}
}

@Electronic{Catkin,
  Title                    = {catkin/conceptual\textunderscore overview},
  Organization             = {Open Source Robotics Foundation},
  Url                      = {http://wiki.ros.org/catkin/conceptual\textunderscore overview}
}

@Electronic{KUKALBRiiwa,
  Title                    = {LBR iiwa},
  Organization             = {KUKA Deutschland},
  Url                      = {https://www.kuka.com/en-de/products/robot-systems/industrial-robots/lbr-iiwa}
}

@Electronic{RighthandRobotics,
  Organization             = {RightHand Robotics},
  Url                      = {https://www.righthandrobotics.com/}
}

@Electronic{ROS,
  Organization             = {Open Source Robotics Foundation},
  Url                      = {http://www.ros.org/},

  Owner                    = {matthiasderyck},
  Timestamp                = {2018.05.15}
}

@Electronic{ROSTopology,
  Title                    = {Intro to ROS},
  Organization             = {Clearpath Robotics},
  Url                      = {http://www.clearpathrobotics.com/assets/guides/ros/Intro%20to%20the%20Robot%20Operating%20System.html}
}

@Electronic{SchunkGripper,
  Title                    = {EGP},
  Organization             = {Schunk},
  Url                      = {https://schunk.com/be_en/gripping-systems/series/egp/},

  Owner                    = {matthiasderyck},
  Timestamp                = {2018.04.10}
}

