%% LaTeX2e file `mybib.bib'
%% generated by the `filecontents' environment
%% from source `thesis' on 2019/03/03.
%%
@inproceedings{DBLP:conf/osdi/DeanG04,
author    = {Jeffrey Dean and
           Sanjay Ghemawat},
title     = {\href{http://www.usenix.org/events/osdi04/tech/dean.html}{MapReduce: Simplified Data Processing on Large Clusters}},
booktitle = {OSDI},
year      = {2004},
ee        = {http://www.usenix.org/events/osdi04/tech/dean.html},
crossref  = {DBLP:conf/osdi/2004},
bibsource = {DBLP, http://dblp.uni-trier.de}
